@book{svoboda2007image,
  title={Image processing, analysis \& and machine vision-a MATLAB companion},
  author={Svoboda, Tomas and Kybic, Jan and Hlavac, Vaclav},
  year={2007},
  publisher={Thomson Learning}
}

@inproceedings{lowe1999object,
  title={Object recognition from local scale-invariant features},
  author={Lowe, David G},
  booktitle={Proceedings of the seventh IEEE international conference on computer vision},
  volume={2},
  pages={1150--1157},
  year={1999},
  organization={Ieee}
}

@article{simonyan2014very,
  title={Very deep convolutional networks for large-scale image recognition},
  author={Simonyan, Karen and Zisserman, Andrew},
  journal={arXiv preprint arXiv:1409.1556},
  year={2014}
}

@article{fischler1981random,
  title={Random sample consensus: a paradigm for model fitting with applications to image analysis and automated cartography},
  author={Fischler, Martin A and Bolles, Robert C},
  journal={Communications of the ACM},
  volume={24},
  number={6},
  pages={381--395},
  year={1981},
  publisher={ACM New York, NY, USA}
}

@article{mikolajczyk2004scale,
  title={Scale \& affine invariant interest point detectors},
  author={Mikolajczyk, Krystian and Schmid, Cordelia},
  journal={International journal of computer vision},
  volume={60},
  number={1},
  pages={63--86},
  year={2004},
  publisher={Springer}
}
@book{forsyth2002computer,
  title={Computer vision: a modern approach},
  author={Forsyth, David A and Ponce, Jean},
  year={2002},
  publisher={Prentice Hall Professional Technical Reference}
}

@article{lowe2004distinctive,
  title={Distinctive image features from scale-invariant keypoints},
  author={Lowe, David G},
  journal={International journal of computer vision},
  volume={60},
  number={2},
  pages={91--110},
  year={2004},
  publisher={Springer}
}

@article{krose1993introduction,
  title={An introduction to neural networks},
  author={Kr{\"o}se, Ben and Krose, Ben and van der Smagt, Patrick and Smagt, Patrick},
  year={1993},
  publisher={Citeseer}
}
@article{brown2007automatic,
  title={Automatic panoramic image stitching using invariant features},
  author={Brown, Matthew and Lowe, David G},
  journal={International journal of computer vision},
  volume={74},
  number={1},
  pages={59--73},
  year={2007},
  publisher={Springer}
}

@InProceedings{Rocco17,
  author = {Rocco, I. and Arandjelovi\'c, R. and Sivic, J.},
  title  = {Convolutional neural network architecture for geometric matching},
  booktitle = {{Proceedings of the IEEE Conference on Computer Vision and Pattern Recognition}},
  year = {2017},
}

@misc{nair2010proceedings,
  title={Proceedings of the 27th international conference on machine learning (ICML-10)},
  author={Nair, V and Hinton, GE},
  year={2010},
  publisher={Omnipress USA}
}


@article{lecun1989backpropagation,
title={Backpropagation applied to handwritten zip code recognition},
author={LeCun, Yann and Boser, Bernhard and Denker, John S and Henderson, Donnie and Howard, Richard E and Hubbard, Wayne and Jackel, Lawrence D},
journal={Neural computation},
volume={1},
number={4},
pages={541--551},
year={1989},
publisher={MIT Press}
}

@article{goodfellow2016deep,
title={Deep learning. Book in preparation for MIT Press},
author={Goodfellow, Ian and Bengio, Yoshua and Courville, Aaron},
journal={URL!` http://www. deeplearningbook. org},
volume={1},
year={2016}
}

@misc{TL,
  title = {{Image Classification using Transfer Learning in PyTorch} Sunita Nayak},
  howpublished = {\url{https://www.learnopencv.com/image-classification-using-transfer-learning-in-pytorch/}},
  note = {Accessed: 2019-05-20}
}

@article{wu2017introduction,
  title={Introduction to convolutional neural networks},
  author={Wu, Jianxin},
  journal={National Key Lab for Novel Software Technology. Nanjing University. China},
  volume={5},
  pages={23},
  year={2017}
}

@misc{cnn,
  title = {{A Beginner's Guide To Understanding Convolutional Neural Networks} Adit Deshpande},
  howpublished = {\url{https://adeshpande3.github.io/A-Beginner%27s-Guide-To-Understanding-Convolutional-Neural-Networks/}},
  note = {Accessed: 2016-07-20}
}

@misc{pratt1997second,
title={Second special issue on inductive transfer-Guest editors' introduction},
author={Pratt, Lorien and Thrun, Sebastian},
year={1997},
publisher={KLUWER ACADEMIC PUBL SPUIBOULEVARD 50, PO BOX 17, 3300 AA DORDRECHT, NETHERLANDS}
}

@article{bradski2000opencv,
title={OpenCV},
author={Bradski, Gary and Kaehler, Adrian},
journal={Dr. Dobbâ€™s journal of software tools},
volume={3},
year={2000}
}


@inproceedings{dai2016r,
  title={R-fcn: Object detection via region-based fully convolutional networks},
  author={Dai, Jifeng and Li, Yi and He, Kaiming and Sun, Jian},
  booktitle={Advances in neural information processing systems},
  pages={379--387},
  year={2016}
}

@misc{sift_cv,
title={Introduction to SIFT (Scale-Invariant Feature Transform)},
author={OpenCV},
howpublished= {\url{https://opencv-python-tutroals.readthedocs.io/en/latest/py_tutorials/py_feature2d/py_sift_intro/py_sift_intro.html}},
publisher={OpenCV}
}

@misc{ransac_ski,
title={Robust matching using RANSAC},
author={scikit-image},
howpublished= {\url{https://scikit-image.org/docs/dev/auto_examples/transform/plot_matching.html}},
publisher={scikit-image}
}

@misc{cnngeometric_pytorch,
title={CNNGeometric PyTorch implementation},
author={Rocco17},
howpublished= {\url{https://github.com/ignacio-rocco/cnngeometric_pytorch}}
}

@misc{pytorch,
title={Pytorch},
author={Pytorch},
howpublished= {\url{https://pytorch.org/}}
}

@article{kingma2014adam,
  title={Adam: A method for stochastic optimization},
  author={Kingma, Diederik P and Ba, Jimmy},
  journal={arXiv preprint arXiv:1412.6980},
  year={2014}
}
@Article{Rocco18,
  author = {Rocco, I. and Arandjelovi\'c, R. and Sivic, J.},
  title  = {Convolutional neural network architecture for geometric matching},
  journal = {{IEEE Transactions on Pattern Analysis and Machine Intelligence}},
  number = {41},
  pages = {2553--2567},
  year = {2018}
}

@misc{vgg_arch,
title={ImageNet: VGGNet, ResNet, Inception, and Xception with Keras},
author={Adrian Rosebrock},
howpublished= {\url{https://www.pyimagesearch.com/2017/03/20/imagenet-vggnet-resnet-inception-xception-keras/}},
note = {Accessed: March 20, 2017}
}


@misc{mse,
title={Mean squared error},
author={wikipedia},
howpublished= {\url{https://en.wikipedia.org/wiki/Mean_squared_error}}

}